@manual{ST_STM32F746NG_Datasheet,
  title        = {STM32F746xG Datasheet},
  organization = {STMicroelectronics},
  year         = {2023},
  url          = {https://www.st.com/en/microcontrollers-microprocessors/stm32f746ng.html},
  note         = {MCU zastosowany na płytce STM32F746G-Discovery}
}

@online{ST_32F746GDISCOVERY,
  title   = {32F746GDISCOVERY — Discovery kit with STM32F746NG MCU},
  author  = {{STMicroelectronics}},
  year    = {2025},
  url     = {https://www.st.com/en/evaluation-tools/32f746gdiscovery.html},
  urldate = {2025-10-10}
}

@manual{ZephyrRTOSDocs,
  title        = {Zephyr Project Documentation},
  organization = {The Linux Foundation},
  year         = {2025},
  url          = {https://docs.zephyrproject.org/latest/},
  note         = {RTOS użyty w projekcie}
}

@manual{KiCadDocs,
  title        = {KiCad Eeschema — Generating Outputs (BOM)},
  organization = {KiCad Project},
  year         = {2024},
  url          = {https://docs.kicad.org/7.0/en/eeschema/eeschema_generating_outputs.html}
}

@manual{Analog_0_10V_Guideline,
  title        = {Application Guidelines for 0–10 V Control Interfaces in HVAC},
  organization = {ASHRAE},
  year         = {2019},
  note         = {}
}

@manual{TODO_OpAmp_Buffer,
  title        = {TODO: Op-amp (np. rail-to-rail, low bias) — datasheet},
  author       = {TODO: Manufacturer},
  year         = {TODO},
  url          = {https://...},
  note         = {Bufor/driver toru 0–10 V}
}

@manual{TODO_ADC_External,
  title        = {TODO: Zewnętrzny ADC (jeśli użyty) — datasheet},
  author       = {TODO: Manufacturer},
  year         = {TODO},
  url          = {https://...}
}

@manual{TODO_DAC_External,
  title        = {TODO: Zewnętrzny DAC (jeśli użyty) — datasheet},
  author       = {TODO: Manufacturer},
  year         = {TODO},
  url          = {https://...}
}

@manual{TODO_TouchController,
  title        = {TODO: Kontroler dotyku TFT — datasheet},
  author       = {TODO: Manufacturer},
  year         = {TODO},
  url          = {https://...}
}

@manual{TODO_Regulators,
  title        = {TODO: Regulator(y) zasilania — datasheet},
  author       = {TODO: Manufacturer},
  year         = {TODO},
  url          = {https://...}
}

@manual{TODO_Protection_ESD_TVS,
  title        = {TODO: Dioda TVS/ESD — datasheet},
  author       = {TODO: Manufacturer},
  year         = {TODO},
  url          = {https://...}
}

@manual{TODO_Sensors_Temp_RH_Pressure_Flow,
  title        = {TODO: Czujnik(i) temperatury/wilgotności/ciśnienia/przepływu — datasheet},
  author       = {TODO: Manufacturer},
  year         = {TODO},
  url          = {https://...},
  note         = {Wstaw osobne rekordy, np. SHT3x, BME280, MPX5010, itp., zgodnie z BOM}
}

% --- PUBLIKACJE POMOCNICZE (opcjonalnie) ---
@article{HVAC_Sensor_Survey,
  author  = {Autor, A. and Autor, B.},
  title   = {Review of Low-Cost Sensors for HVAC Monitoring and Control},
  journal = {Journal of Building Engineering},
  year    = {2021},
  note    = {TBA}
}